<record><leader>00000cas a22000007a 4500</leader><controlfield tag="001">27344982</controlfield><controlfield tag="008">930129d19581991okuwr n       0    0eng d</controlfield><datafield ind1=" " ind2=" " tag="010"><subfield code="a">sn 93065940 </subfield></datafield><datafield ind1=" " ind2=" " tag="040"><subfield code="a">OBN</subfield><subfield code="b">eng</subfield><subfield code="c">OBN</subfield><subfield code="d">OCLCQ</subfield><subfield code="d">OCLCF</subfield><subfield code="d">OCLCO</subfield></datafield><datafield ind1="1" ind2=" " tag="029"><subfield code="a">AU@</subfield><subfield code="b">000020728528</subfield></datafield><datafield ind1=" " ind2=" " tag="042"><subfield code="a">msc</subfield></datafield><datafield ind1=" " ind2=" " tag="043"><subfield code="a">n-us-ok</subfield></datafield><datafield ind1="0" ind2=" " tag="130"><subfield code="a">Indian citizen (Atoka, Okla. : 1958)</subfield></datafield><datafield ind1="1" ind2="0" tag="245"><subfield code="a">Indian citizen.</subfield></datafield><datafield ind1=" " ind2=" " tag="260"><subfield code="a">Atoka, I.T. [Okla.] :</subfield><subfield code="b">B.R. Cook</subfield></datafield><datafield ind1=" " ind2=" " tag="300"><subfield code="a">v.</subfield></datafield><datafield ind1=" " ind2=" " tag="310"><subfield code="a">Weekly</subfield></datafield><datafield ind1="0" ind2=" " tag="362"><subfield code="a">Vol. 66, no. 136 (Jan. 9, 1958)-v. 106, no. 31 (Oct. 30, 1991).</subfield></datafield><datafield ind1=" " ind2="0" tag="651"><subfield code="a">Atoka (Okla.)</subfield><subfield code="v">Newspapers.</subfield></datafield><datafield ind1=" " ind2="0" tag="651"><subfield code="a">Atoka County (Okla.)</subfield><subfield code="v">Newspapers.</subfield></datafield><datafield ind1=" " ind2="0" tag="651"><subfield code="a">Indian Territory</subfield><subfield code="v">Newspapers.</subfield></datafield><datafield ind1=" " ind2="7" tag="655"><subfield code="a">Newspapers.</subfield><subfield code="2">fast</subfield><subfield code="0">(OCoLC)fst01423814</subfield></datafield><datafield ind1=" " ind2="7" tag="651"><subfield code="a">Oklahoma</subfield><subfield code="z">Atoka.</subfield><subfield code="2">fast</subfield><subfield code="0">(OCoLC)fst01221557</subfield></datafield><datafield ind1=" " ind2="7" tag="651"><subfield code="a">Oklahoma</subfield><subfield code="z">Atoka County.</subfield><subfield code="2">fast</subfield><subfield code="0">(OCoLC)fst01208704</subfield></datafield><datafield ind1=" " ind2="7" tag="651"><subfield code="a">Oklahoma</subfield><subfield code="z">Indian Territory.</subfield><subfield code="2">fast</subfield><subfield code="0">(OCoLC)fst01225150</subfield></datafield><datafield ind1=" " ind2=" " tag="752"><subfield code="a">United States</subfield><subfield code="b">Oklahoma</subfield><subfield code="c">Atoka</subfield><subfield code="d">Atoka.</subfield></datafield><datafield ind1="0" ind2="0" tag="780"><subfield code="t">Indian citizen-democrat</subfield><subfield code="w">(DLC)sn 88084136</subfield><subfield code="w">(OCoLC)18399465</subfield></datafield><datafield ind1="0" ind2="0" tag="785"><subfield code="t">Atoka Indian citizen</subfield><subfield code="w">(DLC)sn 95076001</subfield><subfield code="w">(OCoLC)31805935</subfield></datafield></record>